<?xml version="1.0" encoding="UTF-8"?><collection xmlns="http://www.loc.gov/MARC21/slim"><record><leader>00445nam--2200145-i-4500</leader><controlfield tag="001">000045536</controlfield><controlfield tag="002">20161230</controlfield><controlfield tag="005">20161230201045</controlfield><controlfield tag="008">060222s1000------------r-----000-0-eng-d</controlfield><datafield ind1=" " ind2=" " tag="080"><subfield code="a">517.5(043)</subfield></datafield><datafield ind1=" " ind2=" " tag="100"><subfield code="a">Toung, Nguyen Manh</subfield></datafield><datafield ind1=" " ind2=" " tag="245"><subfield code="a">Sur l`estimation de la densite spectrale d`une function aleatoire stationnaire du second ordre. these</subfield></datafield><datafield ind1=" " ind2=" " tag="260"><subfield code="a">Grenoble, Univ., 1966, 99p.+tabb</subfield></datafield><datafield ind1=" " ind2=" " tag="852"><subfield code="a">77094</subfield><subfield code="c">517.5</subfield></datafield><datafield ind1=" " ind2=" " tag="CAT"><subfield code="a">Sys</subfield><subfield code="c">20080812</subfield><subfield code="h">094005</subfield></datafield></record></collection>